<record><leader>00000cas a22000007a 4500</leader><controlfield tag="001">11973797</controlfield><controlfield tag="008">850427d185u18uutxuwr ne      0    0eng d</controlfield><datafield ind1=" " ind2=" " tag="010"><subfield code="a">sn 85033449 </subfield></datafield><datafield ind1=" " ind2=" " tag="040"><subfield code="a">NPU</subfield><subfield code="b">eng</subfield><subfield code="c">NPU</subfield><subfield code="d">NPY</subfield><subfield code="d">PPM</subfield><subfield code="d">TEX</subfield><subfield code="d">OCLCQ</subfield><subfield code="d">OCLCO</subfield><subfield code="d">OCLCF</subfield></datafield><datafield ind1=" " ind2=" " tag="042"><subfield code="a">msc</subfield></datafield><datafield ind1=" " ind2=" " tag="043"><subfield code="a">n-us-tx</subfield></datafield><datafield ind1="0" ind2="4" tag="245"><subfield code="a">The Tyler reporter.</subfield></datafield><datafield ind1="1" ind2="3" tag="246"><subfield code="a">Tyler weekly reporter</subfield></datafield><datafield ind1=" " ind2=" " tag="260"><subfield code="a">Tyler, Tex. :</subfield><subfield code="b">Selman &amp; Davis</subfield></datafield><datafield ind1=" " ind2=" " tag="300"><subfield code="a">v. :</subfield><subfield code="b">ill. (chiefly advertisements) ;</subfield><subfield code="c">47-63 cm.</subfield></datafield><datafield ind1=" " ind2=" " tag="310"><subfield code="a">Weekly</subfield></datafield><datafield ind1=" " ind2=" " tag="500"><subfield code="a">Publisher, 18&lt;73&gt;: P.H. Callahan &amp; Co.</subfield></datafield><datafield ind1=" " ind2=" " tag="500"><subfield code="a">Editors: Jas. P. Douglas, H.V. Hamilton, 18&lt;71&gt;; H. Van Hamilton, P.H. Callahan, &lt;1873&gt;.</subfield></datafield><datafield ind1=" " ind2=" " tag="580"><subfield code="a">Continued by: Grange reporter. Cf. Gregory, W. Amer. newspapers.</subfield></datafield><datafield ind1=" " ind2=" " tag="588"><subfield code="a">Description based on: Vol. 1, no. 16 (Nov. 17, 1855).</subfield></datafield><datafield ind1=" " ind2="0" tag="650"><subfield code="a">Newspapers.</subfield></datafield><datafield ind1=" " ind2="0" tag="651"><subfield code="a">Tyler (Tex.)</subfield><subfield code="v">Newspapers.</subfield></datafield><datafield ind1=" " ind2="7" tag="655"><subfield code="a">Newspapers.</subfield><subfield code="2">fast</subfield><subfield code="0">(OCoLC)fst01423814</subfield></datafield><datafield ind1=" " ind2="7" tag="650"><subfield code="a">Newspapers.</subfield><subfield code="2">fast</subfield><subfield code="0">(OCoLC)fst01037111</subfield></datafield><datafield ind1=" " ind2="7" tag="651"><subfield code="a">Texas</subfield><subfield code="z">Tyler.</subfield><subfield code="2">fast</subfield><subfield code="0">(OCoLC)fst01221265</subfield></datafield><datafield ind1=" " ind2=" " tag="752"><subfield code="a">United States</subfield><subfield code="b">Texas</subfield><subfield code="c">Smith</subfield><subfield code="d">Tyler.</subfield></datafield><datafield ind1="0" ind2="0" tag="780"><subfield code="t">Tyler telegraph (Tyler, Tex. : 1851)</subfield><subfield code="w">(DLC)sn 86089221</subfield></datafield><datafield ind1="0" ind2="7" tag="785"><subfield code="t">Tyler Democrat</subfield><subfield code="w">(DLC)sn 84022106</subfield></datafield><datafield ind1="0" ind2="7" tag="785"><subfield code="t">Tyler Democrat and reporter</subfield><subfield code="w">(DLC)sn 86089219</subfield></datafield></record>